%YAML 1.1
%TAG !u! tag:unity3d.com,2011:
--- !u!1001 &100100000
Prefab:
  m_ObjectHideFlags: 1
  serializedVersion: 2
  m_Modification:
    m_TransformParent: {fileID: 0}
    m_Modifications: []
    m_RemovedComponents: []
  m_ParentPrefab: {fileID: 0}
  m_RootGameObject: {fileID: 1040838096741318}
  m_IsPrefabParent: 1
--- !u!1 &1008710063364768
GameObject:
  m_ObjectHideFlags: 1
  m_PrefabParentObject: {fileID: 0}
  m_PrefabInternal: {fileID: 100100000}
  serializedVersion: 5
  m_Component:
  - component: {fileID: 4783099955369448}
  m_Layer: 0
  m_Name: head
  m_TagString: Untagged
  m_Icon: {fileID: 0}
  m_NavMeshLayer: 0
  m_StaticEditorFlags: 0
  m_IsActive: 1
--- !u!1 &1013232992432034
GameObject:
  m_ObjectHideFlags: 0
  m_PrefabParentObject: {fileID: 0}
  m_PrefabInternal: {fileID: 100100000}
  serializedVersion: 5
  m_Component:
  - component: {fileID: 4877667294242446}
  - component: {fileID: 137188417983999614}
  m_Layer: 0
  m_Name: rhino_beatle_LOD1
  m_TagString: Untagged
  m_Icon: {fileID: 0}
  m_NavMeshLayer: 0
  m_StaticEditorFlags: 0
  m_IsActive: 1
--- !u!1 &1040838096741318
GameObject:
  m_ObjectHideFlags: 0
  m_PrefabParentObject: {fileID: 0}
  m_PrefabInternal: {fileID: 100100000}
  serializedVersion: 5
  m_Component:
  - component: {fileID: 4327836331291050}
  - component: {fileID: 95456758442033006}
  - component: {fileID: 205700164563604554}
  m_Layer: 0
  m_Name: escaravelho
  m_TagString: Untagged
  m_Icon: {fileID: 0}
  m_NavMeshLayer: 0
  m_StaticEditorFlags: 0
  m_IsActive: 1
--- !u!1 &1075855909077776
GameObject:
  m_ObjectHideFlags: 1
  m_PrefabParentObject: {fileID: 0}
  m_PrefabInternal: {fileID: 100100000}
  serializedVersion: 5
  m_Component:
  - component: {fileID: 4766059055155554}
  m_Layer: 0
  m_Name: Leg_M_3_R
  m_TagString: Untagged
  m_Icon: {fileID: 0}
  m_NavMeshLayer: 0
  m_StaticEditorFlags: 0
  m_IsActive: 1
--- !u!1 &1079612468933650
GameObject:
  m_ObjectHideFlags: 0
  m_PrefabParentObject: {fileID: 0}
  m_PrefabInternal: {fileID: 100100000}
  serializedVersion: 5
  m_Component:
  - component: {fileID: 4514453572081126}
  - component: {fileID: 137291132948822192}
  m_Layer: 0
  m_Name: rhino_beatle_LOD0
  m_TagString: Untagged
  m_Icon: {fileID: 0}
  m_NavMeshLayer: 0
  m_StaticEditorFlags: 0
  m_IsActive: 1
--- !u!1 &1080565092619514
GameObject:
  m_ObjectHideFlags: 1
  m_PrefabParentObject: {fileID: 0}
  m_PrefabInternal: {fileID: 100100000}
  serializedVersion: 5
  m_Component:
  - component: {fileID: 4445753783853346}
  m_Layer: 0
  m_Name: Leg_M_3_L_IK
  m_TagString: Untagged
  m_Icon: {fileID: 0}
  m_NavMeshLayer: 0
  m_StaticEditorFlags: 0
  m_IsActive: 1
--- !u!1 &1084917547397400
GameObject:
  m_ObjectHideFlags: 1
  m_PrefabParentObject: {fileID: 0}
  m_PrefabInternal: {fileID: 100100000}
  serializedVersion: 5
  m_Component:
  - component: {fileID: 4002464052272460}
  m_Layer: 0
  m_Name: slime_2
  m_TagString: Untagged
  m_Icon: {fileID: 0}
  m_NavMeshLayer: 0
  m_StaticEditorFlags: 0
  m_IsActive: 1
--- !u!1 &1139153161498878
GameObject:
  m_ObjectHideFlags: 1
  m_PrefabParentObject: {fileID: 0}
  m_PrefabInternal: {fileID: 100100000}
  serializedVersion: 5
  m_Component:
  - component: {fileID: 4388701172750410}
  m_Layer: 0
  m_Name: Leg_R_2_R
  m_TagString: Untagged
  m_Icon: {fileID: 0}
  m_NavMeshLayer: 0
  m_StaticEditorFlags: 0
  m_IsActive: 1
--- !u!1 &1141725841858398
GameObject:
  m_ObjectHideFlags: 1
  m_PrefabParentObject: {fileID: 0}
  m_PrefabInternal: {fileID: 100100000}
  serializedVersion: 5
  m_Component:
  - component: {fileID: 4757308609893168}
  m_Layer: 0
  m_Name: Leg_F_2_R_IK
  m_TagString: Untagged
  m_Icon: {fileID: 0}
  m_NavMeshLayer: 0
  m_StaticEditorFlags: 0
  m_IsActive: 1
--- !u!1 &1179988527212828
GameObject:
  m_ObjectHideFlags: 1
  m_PrefabParentObject: {fileID: 0}
  m_PrefabInternal: {fileID: 100100000}
  serializedVersion: 5
  m_Component:
  - component: {fileID: 4204628177551474}
  m_Layer: 0
  m_Name: Leg_F_1_R_IK
  m_TagString: Untagged
  m_Icon: {fileID: 0}
  m_NavMeshLayer: 0
  m_StaticEditorFlags: 0
  m_IsActive: 1
--- !u!1 &1185057757109388
GameObject:
  m_ObjectHideFlags: 1
  m_PrefabParentObject: {fileID: 0}
  m_PrefabInternal: {fileID: 100100000}
  serializedVersion: 5
  m_Component:
  - component: {fileID: 4609883775098634}
  m_Layer: 0
  m_Name: Leg_M_1_L_IK
  m_TagString: Untagged
  m_Icon: {fileID: 0}
  m_NavMeshLayer: 0
  m_StaticEditorFlags: 0
  m_IsActive: 1
--- !u!1 &1191502497685528
GameObject:
  m_ObjectHideFlags: 1
  m_PrefabParentObject: {fileID: 0}
  m_PrefabInternal: {fileID: 100100000}
  serializedVersion: 5
  m_Component:
  - component: {fileID: 4494310397498764}
  m_Layer: 0
  m_Name: Leg_R_1_L_IK
  m_TagString: Untagged
  m_Icon: {fileID: 0}
  m_NavMeshLayer: 0
  m_StaticEditorFlags: 0
  m_IsActive: 1
--- !u!1 &1198852058004038
GameObject:
  m_ObjectHideFlags: 1
  m_PrefabParentObject: {fileID: 0}
  m_PrefabInternal: {fileID: 100100000}
  serializedVersion: 5
  m_Component:
  - component: {fileID: 4645268059320708}
  m_Layer: 0
  m_Name: Leg_R_3_R_IK
  m_TagString: Untagged
  m_Icon: {fileID: 0}
  m_NavMeshLayer: 0
  m_StaticEditorFlags: 0
  m_IsActive: 1
--- !u!1 &1212346673202214
GameObject:
  m_ObjectHideFlags: 1
  m_PrefabParentObject: {fileID: 0}
  m_PrefabInternal: {fileID: 100100000}
  serializedVersion: 5
  m_Component:
  - component: {fileID: 4558321822818558}
  m_Layer: 0
  m_Name: Leg_F_2_L_IK
  m_TagString: Untagged
  m_Icon: {fileID: 0}
  m_NavMeshLayer: 0
  m_StaticEditorFlags: 0
  m_IsActive: 1
--- !u!1 &1229716474165332
GameObject:
  m_ObjectHideFlags: 1
  m_PrefabParentObject: {fileID: 0}
  m_PrefabInternal: {fileID: 100100000}
  serializedVersion: 5
  m_Component:
  - component: {fileID: 4550655358339068}
  m_Layer: 0
  m_Name: Leg_R_2_L
  m_TagString: Untagged
  m_Icon: {fileID: 0}
  m_NavMeshLayer: 0
  m_StaticEditorFlags: 0
  m_IsActive: 1
--- !u!1 &1257799863234668
GameObject:
  m_ObjectHideFlags: 1
  m_PrefabParentObject: {fileID: 0}
  m_PrefabInternal: {fileID: 100100000}
  serializedVersion: 5
  m_Component:
  - component: {fileID: 4977574162581782}
  m_Layer: 0
  m_Name: Leg_R_2_R_IK
  m_TagString: Untagged
  m_Icon: {fileID: 0}
  m_NavMeshLayer: 0
  m_StaticEditorFlags: 0
  m_IsActive: 1
--- !u!1 &1263763926763784
GameObject:
  m_ObjectHideFlags: 1
  m_PrefabParentObject: {fileID: 0}
  m_PrefabInternal: {fileID: 100100000}
  serializedVersion: 5
  m_Component:
  - component: {fileID: 4374038562676334}
  m_Layer: 0
  m_Name: Leg_F_1_R
  m_TagString: Untagged
  m_Icon: {fileID: 0}
  m_NavMeshLayer: 0
  m_StaticEditorFlags: 0
  m_IsActive: 1
--- !u!1 &1269747272907588
GameObject:
  m_ObjectHideFlags: 1
  m_PrefabParentObject: {fileID: 0}
  m_PrefabInternal: {fileID: 100100000}
  serializedVersion: 5
  m_Component:
  - component: {fileID: 4028428956963920}
  m_Layer: 0
  m_Name: wing_R
  m_TagString: Untagged
  m_Icon: {fileID: 0}
  m_NavMeshLayer: 0
  m_StaticEditorFlags: 0
  m_IsActive: 1
--- !u!1 &1276038703259230
GameObject:
  m_ObjectHideFlags: 1
  m_PrefabParentObject: {fileID: 0}
  m_PrefabInternal: {fileID: 100100000}
  serializedVersion: 5
  m_Component:
  - component: {fileID: 4298826747563074}
  m_Layer: 0
  m_Name: shell_L_IK
  m_TagString: Untagged
  m_Icon: {fileID: 0}
  m_NavMeshLayer: 0
  m_StaticEditorFlags: 0
  m_IsActive: 1
--- !u!1 &1282437429576692
GameObject:
  m_ObjectHideFlags: 1
  m_PrefabParentObject: {fileID: 0}
  m_PrefabInternal: {fileID: 100100000}
  serializedVersion: 5
  m_Component:
  - component: {fileID: 4049567118280214}
  m_Layer: 0
  m_Name: wing_R_IK
  m_TagString: Untagged
  m_Icon: {fileID: 0}
  m_NavMeshLayer: 0
  m_StaticEditorFlags: 0
  m_IsActive: 1
--- !u!1 &1295530589022712
GameObject:
  m_ObjectHideFlags: 1
  m_PrefabParentObject: {fileID: 0}
  m_PrefabInternal: {fileID: 100100000}
  serializedVersion: 5
  m_Component:
  - component: {fileID: 4958226475994964}
  m_Layer: 0
  m_Name: Leg_F_3_R_IK
  m_TagString: Untagged
  m_Icon: {fileID: 0}
  m_NavMeshLayer: 0
  m_StaticEditorFlags: 0
  m_IsActive: 1
--- !u!1 &1367688605591228
GameObject:
  m_ObjectHideFlags: 1
  m_PrefabParentObject: {fileID: 0}
  m_PrefabInternal: {fileID: 100100000}
  serializedVersion: 5
  m_Component:
  - component: {fileID: 4347822036903798}
  m_Layer: 0
  m_Name: Leg_M_1_R
  m_TagString: Untagged
  m_Icon: {fileID: 0}
  m_NavMeshLayer: 0
  m_StaticEditorFlags: 0
  m_IsActive: 1
--- !u!1 &1393873242416454
GameObject:
  m_ObjectHideFlags: 1
  m_PrefabParentObject: {fileID: 0}
  m_PrefabInternal: {fileID: 100100000}
  serializedVersion: 5
  m_Component:
  - component: {fileID: 4557556707790924}
  m_Layer: 0
  m_Name: Leg_F_3_L_IK
  m_TagString: Untagged
  m_Icon: {fileID: 0}
  m_NavMeshLayer: 0
  m_StaticEditorFlags: 0
  m_IsActive: 1
--- !u!1 &1397973825258470
GameObject:
  m_ObjectHideFlags: 1
  m_PrefabParentObject: {fileID: 0}
  m_PrefabInternal: {fileID: 100100000}
  serializedVersion: 5
  m_Component:
  - component: {fileID: 4239202392588652}
  m_Layer: 0
  m_Name: Leg_M_2_L_IK
  m_TagString: Untagged
  m_Icon: {fileID: 0}
  m_NavMeshLayer: 0
  m_StaticEditorFlags: 0
  m_IsActive: 1
--- !u!1 &1422777408600974
GameObject:
  m_ObjectHideFlags: 1
  m_PrefabParentObject: {fileID: 0}
  m_PrefabInternal: {fileID: 100100000}
  serializedVersion: 5
  m_Component:
  - component: {fileID: 4513138315723048}
  m_Layer: 0
  m_Name: Leg_M_2_L
  m_TagString: Untagged
  m_Icon: {fileID: 0}
  m_NavMeshLayer: 0
  m_StaticEditorFlags: 0
  m_IsActive: 1
--- !u!1 &1455268843170468
GameObject:
  m_ObjectHideFlags: 1
  m_PrefabParentObject: {fileID: 0}
  m_PrefabInternal: {fileID: 100100000}
  serializedVersion: 5
  m_Component:
  - component: {fileID: 4046660311724084}
  m_Layer: 0
  m_Name: Leg_F_2_L
  m_TagString: Untagged
  m_Icon: {fileID: 0}
  m_NavMeshLayer: 0
  m_StaticEditorFlags: 0
  m_IsActive: 1
--- !u!1 &1461951199758138
GameObject:
  m_ObjectHideFlags: 1
  m_PrefabParentObject: {fileID: 0}
  m_PrefabInternal: {fileID: 100100000}
  serializedVersion: 5
  m_Component:
  - component: {fileID: 4402569763093448}
  m_Layer: 0
  m_Name: shell_L
  m_TagString: Untagged
  m_Icon: {fileID: 0}
  m_NavMeshLayer: 0
  m_StaticEditorFlags: 0
  m_IsActive: 1
--- !u!1 &1464296414492762
GameObject:
  m_ObjectHideFlags: 1
  m_PrefabParentObject: {fileID: 0}
  m_PrefabInternal: {fileID: 100100000}
  serializedVersion: 5
  m_Component:
  - component: {fileID: 4032770816689762}
  m_Layer: 0
  m_Name: head_IK
  m_TagString: Untagged
  m_Icon: {fileID: 0}
  m_NavMeshLayer: 0
  m_StaticEditorFlags: 0
  m_IsActive: 1
--- !u!1 &1506632441606552
GameObject:
  m_ObjectHideFlags: 1
  m_PrefabParentObject: {fileID: 0}
  m_PrefabInternal: {fileID: 100100000}
  serializedVersion: 5
  m_Component:
  - component: {fileID: 4798700334387676}
  m_Layer: 0
  m_Name: Leg_M_1_R_IK
  m_TagString: Untagged
  m_Icon: {fileID: 0}
  m_NavMeshLayer: 0
  m_StaticEditorFlags: 0
  m_IsActive: 1
--- !u!1 &1521796470126304
GameObject:
  m_ObjectHideFlags: 1
  m_PrefabParentObject: {fileID: 0}
  m_PrefabInternal: {fileID: 100100000}
  serializedVersion: 5
  m_Component:
  - component: {fileID: 4116040990344304}
  m_Layer: 0
  m_Name: slime_3
  m_TagString: Untagged
  m_Icon: {fileID: 0}
  m_NavMeshLayer: 0
  m_StaticEditorFlags: 0
  m_IsActive: 1
--- !u!1 &1539826309247600
GameObject:
  m_ObjectHideFlags: 1
  m_PrefabParentObject: {fileID: 0}
  m_PrefabInternal: {fileID: 100100000}
  serializedVersion: 5
  m_Component:
  - component: {fileID: 4297418730766794}
  m_Layer: 0
  m_Name: wing_L
  m_TagString: Untagged
  m_Icon: {fileID: 0}
  m_NavMeshLayer: 0
  m_StaticEditorFlags: 0
  m_IsActive: 1
--- !u!1 &1545415738494566
GameObject:
  m_ObjectHideFlags: 1
  m_PrefabParentObject: {fileID: 0}
  m_PrefabInternal: {fileID: 100100000}
  serializedVersion: 5
  m_Component:
  - component: {fileID: 4886109419292350}
  m_Layer: 0
  m_Name: ROOT
  m_TagString: Untagged
  m_Icon: {fileID: 0}
  m_NavMeshLayer: 0
  m_StaticEditorFlags: 0
  m_IsActive: 1
--- !u!1 &1566103982854698
GameObject:
  m_ObjectHideFlags: 1
  m_PrefabParentObject: {fileID: 0}
  m_PrefabInternal: {fileID: 100100000}
  serializedVersion: 5
  m_Component:
  - component: {fileID: 4830458648955056}
  m_Layer: 0
  m_Name: Leg_F_1_L
  m_TagString: Untagged
  m_Icon: {fileID: 0}
  m_NavMeshLayer: 0
  m_StaticEditorFlags: 0
  m_IsActive: 1
--- !u!1 &1569747088640010
GameObject:
  m_ObjectHideFlags: 1
  m_PrefabParentObject: {fileID: 0}
  m_PrefabInternal: {fileID: 100100000}
  serializedVersion: 5
  m_Component:
  - component: {fileID: 4362559955471962}
  m_Layer: 0
  m_Name: Leg_M_2_R_IK
  m_TagString: Untagged
  m_Icon: {fileID: 0}
  m_NavMeshLayer: 0
  m_StaticEditorFlags: 0
  m_IsActive: 1
--- !u!1 &1593262546848778
GameObject:
  m_ObjectHideFlags: 1
  m_PrefabParentObject: {fileID: 0}
  m_PrefabInternal: {fileID: 100100000}
  serializedVersion: 5
  m_Component:
  - component: {fileID: 4833968155363200}
  m_Layer: 0
  m_Name: Leg_F_2_R
  m_TagString: Untagged
  m_Icon: {fileID: 0}
  m_NavMeshLayer: 0
  m_StaticEditorFlags: 0
  m_IsActive: 1
--- !u!1 &1606640417180260
GameObject:
  m_ObjectHideFlags: 1
  m_PrefabParentObject: {fileID: 0}
  m_PrefabInternal: {fileID: 100100000}
  serializedVersion: 5
  m_Component:
  - component: {fileID: 4814779679341100}
  m_Layer: 0
  m_Name: wing_L_IK
  m_TagString: Untagged
  m_Icon: {fileID: 0}
  m_NavMeshLayer: 0
  m_StaticEditorFlags: 0
  m_IsActive: 1
--- !u!1 &1628593024085630
GameObject:
  m_ObjectHideFlags: 1
  m_PrefabParentObject: {fileID: 0}
  m_PrefabInternal: {fileID: 100100000}
  serializedVersion: 5
  m_Component:
  - component: {fileID: 4630854634349570}
  m_Layer: 0
  m_Name: slime_1
  m_TagString: Untagged
  m_Icon: {fileID: 0}
  m_NavMeshLayer: 0
  m_StaticEditorFlags: 0
  m_IsActive: 1
--- !u!1 &1637452952107892
GameObject:
  m_ObjectHideFlags: 1
  m_PrefabParentObject: {fileID: 0}
  m_PrefabInternal: {fileID: 100100000}
  serializedVersion: 5
  m_Component:
  - component: {fileID: 4003699736473050}
  m_Layer: 0
  m_Name: Leg_F_3_L
  m_TagString: Untagged
  m_Icon: {fileID: 0}
  m_NavMeshLayer: 0
  m_StaticEditorFlags: 0
  m_IsActive: 1
--- !u!1 &1651183265614988
GameObject:
  m_ObjectHideFlags: 1
  m_PrefabParentObject: {fileID: 0}
  m_PrefabInternal: {fileID: 100100000}
  serializedVersion: 5
  m_Component:
  - component: {fileID: 4140273839567064}
  m_Layer: 0
  m_Name: Leg_R_1_R_IK
  m_TagString: Untagged
  m_Icon: {fileID: 0}
  m_NavMeshLayer: 0
  m_StaticEditorFlags: 0
  m_IsActive: 1
--- !u!1 &1671038829769572
GameObject:
  m_ObjectHideFlags: 1
  m_PrefabParentObject: {fileID: 0}
  m_PrefabInternal: {fileID: 100100000}
  serializedVersion: 5
  m_Component:
  - component: {fileID: 4721296444213146}
  m_Layer: 0
  m_Name: Leg_M_3_R_IK
  m_TagString: Untagged
  m_Icon: {fileID: 0}
  m_NavMeshLayer: 0
  m_StaticEditorFlags: 0
  m_IsActive: 1
--- !u!1 &1719214569968158
GameObject:
  m_ObjectHideFlags: 1
  m_PrefabParentObject: {fileID: 0}
  m_PrefabInternal: {fileID: 100100000}
  serializedVersion: 5
  m_Component:
  - component: {fileID: 4852482984067520}
  m_Layer: 0
  m_Name: Leg_R_3_R
  m_TagString: Untagged
  m_Icon: {fileID: 0}
  m_NavMeshLayer: 0
  m_StaticEditorFlags: 0
  m_IsActive: 1
--- !u!1 &1732571400323774
GameObject:
  m_ObjectHideFlags: 1
  m_PrefabParentObject: {fileID: 0}
  m_PrefabInternal: {fileID: 100100000}
  serializedVersion: 5
  m_Component:
  - component: {fileID: 4410585701146820}
  m_Layer: 0
  m_Name: Leg_M_1_L
  m_TagString: Untagged
  m_Icon: {fileID: 0}
  m_NavMeshLayer: 0
  m_StaticEditorFlags: 0
  m_IsActive: 1
--- !u!1 &1740093720355202
GameObject:
  m_ObjectHideFlags: 1
  m_PrefabParentObject: {fileID: 0}
  m_PrefabInternal: {fileID: 100100000}
  serializedVersion: 5
  m_Component:
  - component: {fileID: 4837472040425700}
  m_Layer: 0
  m_Name: Leg_R_3_L_IK
  m_TagString: Untagged
  m_Icon: {fileID: 0}
  m_NavMeshLayer: 0
  m_StaticEditorFlags: 0
  m_IsActive: 1
--- !u!1 &1754763552355560
GameObject:
  m_ObjectHideFlags: 1
  m_PrefabParentObject: {fileID: 0}
  m_PrefabInternal: {fileID: 100100000}
  serializedVersion: 5
  m_Component:
  - component: {fileID: 4637854670465824}
  m_Layer: 0
  m_Name: shell_R
  m_TagString: Untagged
  m_Icon: {fileID: 0}
  m_NavMeshLayer: 0
  m_StaticEditorFlags: 0
  m_IsActive: 1
--- !u!1 &1759689901169032
GameObject:
  m_ObjectHideFlags: 1
  m_PrefabParentObject: {fileID: 0}
  m_PrefabInternal: {fileID: 100100000}
  serializedVersion: 5
  m_Component:
  - component: {fileID: 4578459676651728}
  m_Layer: 0
  m_Name: Leg_R_2_L_IK
  m_TagString: Untagged
  m_Icon: {fileID: 0}
  m_NavMeshLayer: 0
  m_StaticEditorFlags: 0
  m_IsActive: 1
--- !u!1 &1786001034969958
GameObject:
  m_ObjectHideFlags: 1
  m_PrefabParentObject: {fileID: 0}
  m_PrefabInternal: {fileID: 100100000}
  serializedVersion: 5
  m_Component:
  - component: {fileID: 4892517468715052}
  m_Layer: 0
  m_Name: shell_R_IK
  m_TagString: Untagged
  m_Icon: {fileID: 0}
  m_NavMeshLayer: 0
  m_StaticEditorFlags: 0
  m_IsActive: 1
--- !u!1 &1800961974835588
GameObject:
  m_ObjectHideFlags: 1
  m_PrefabParentObject: {fileID: 0}
  m_PrefabInternal: {fileID: 100100000}
  serializedVersion: 5
  m_Component:
  - component: {fileID: 4849822862689806}
  m_Layer: 0
  m_Name: Leg_M_3_L
  m_TagString: Untagged
  m_Icon: {fileID: 0}
  m_NavMeshLayer: 0
  m_StaticEditorFlags: 0
  m_IsActive: 1
--- !u!1 &1804103865535126
GameObject:
  m_ObjectHideFlags: 0
  m_PrefabParentObject: {fileID: 0}
  m_PrefabInternal: {fileID: 100100000}
  serializedVersion: 5
  m_Component:
  - component: {fileID: 4511852346467430}
  - component: {fileID: 137445595389624224}
  m_Layer: 0
  m_Name: rhino_beatle_LOD2
  m_TagString: Untagged
  m_Icon: {fileID: 0}
  m_NavMeshLayer: 0
  m_StaticEditorFlags: 0
  m_IsActive: 1
--- !u!1 &1827926114845118
GameObject:
  m_ObjectHideFlags: 1
  m_PrefabParentObject: {fileID: 0}
  m_PrefabInternal: {fileID: 100100000}
  serializedVersion: 5
  m_Component:
  - component: {fileID: 4340747592984764}
  m_Layer: 0
  m_Name: Leg_R_1_R
  m_TagString: Untagged
  m_Icon: {fileID: 0}
  m_NavMeshLayer: 0
  m_StaticEditorFlags: 0
  m_IsActive: 1
--- !u!1 &1830418477866930
GameObject:
  m_ObjectHideFlags: 1
  m_PrefabParentObject: {fileID: 0}
  m_PrefabInternal: {fileID: 100100000}
  serializedVersion: 5
  m_Component:
  - component: {fileID: 4389154190535898}
  m_Layer: 0
  m_Name: Leg_R_1_L
  m_TagString: Untagged
  m_Icon: {fileID: 0}
  m_NavMeshLayer: 0
  m_StaticEditorFlags: 0
  m_IsActive: 1
--- !u!1 &1841425509551500
GameObject:
  m_ObjectHideFlags: 1
  m_PrefabParentObject: {fileID: 0}
  m_PrefabInternal: {fileID: 100100000}
  serializedVersion: 5
  m_Component:
  - component: {fileID: 4271632254407366}
  m_Layer: 0
  m_Name: Leg_M_2_R
  m_TagString: Untagged
  m_Icon: {fileID: 0}
  m_NavMeshLayer: 0
  m_StaticEditorFlags: 0
  m_IsActive: 1
--- !u!1 &1868834725144732
GameObject:
  m_ObjectHideFlags: 1
  m_PrefabParentObject: {fileID: 0}
  m_PrefabInternal: {fileID: 100100000}
  serializedVersion: 5
  m_Component:
  - component: {fileID: 4938399688169994}
  m_Layer: 0
  m_Name: Leg_F_3_R
  m_TagString: Untagged
  m_Icon: {fileID: 0}
  m_NavMeshLayer: 0
  m_StaticEditorFlags: 0
  m_IsActive: 1
--- !u!1 &1894047452311132
GameObject:
  m_ObjectHideFlags: 0
  m_PrefabParentObject: {fileID: 0}
  m_PrefabInternal: {fileID: 100100000}
  serializedVersion: 5
  m_Component:
  - component: {fileID: 4556834559730684}
  - component: {fileID: 64533831899066914}
  m_Layer: 0
  m_Name: rhino_beatle_skel
  m_TagString: Untagged
  m_Icon: {fileID: 0}
  m_NavMeshLayer: 0
  m_StaticEditorFlags: 0
  m_IsActive: 1
--- !u!1 &1921147595173018
GameObject:
  m_ObjectHideFlags: 1
  m_PrefabParentObject: {fileID: 0}
  m_PrefabInternal: {fileID: 100100000}
  serializedVersion: 5
  m_Component:
  - component: {fileID: 4190398652419956}
  m_Layer: 0
  m_Name: Leg_F_1_L_IK
  m_TagString: Untagged
  m_Icon: {fileID: 0}
  m_NavMeshLayer: 0
  m_StaticEditorFlags: 0
  m_IsActive: 1
--- !u!1 &1947058864390924
GameObject:
  m_ObjectHideFlags: 1
  m_PrefabParentObject: {fileID: 0}
  m_PrefabInternal: {fileID: 100100000}
  serializedVersion: 5
  m_Component:
  - component: {fileID: 4878207707493402}
  m_Layer: 0
  m_Name: body
  m_TagString: Untagged
  m_Icon: {fileID: 0}
  m_NavMeshLayer: 0
  m_StaticEditorFlags: 0
  m_IsActive: 1
--- !u!1 &1995700064147326
GameObject:
  m_ObjectHideFlags: 1
  m_PrefabParentObject: {fileID: 0}
  m_PrefabInternal: {fileID: 100100000}
  serializedVersion: 5
  m_Component:
  - component: {fileID: 4881128312262280}
  m_Layer: 0
  m_Name: Leg_R_3_L
  m_TagString: Untagged
  m_Icon: {fileID: 0}
  m_NavMeshLayer: 0
  m_StaticEditorFlags: 0
  m_IsActive: 1
--- !u!4 &4002464052272460
Transform:
  m_ObjectHideFlags: 1
  m_PrefabParentObject: {fileID: 0}
  m_PrefabInternal: {fileID: 100100000}
  m_GameObject: {fileID: 1084917547397400}
  m_LocalRotation: {x: -5.7606475e-11, y: -0.00076306815, z: 1.0281437e-15, w: 0.9999997}
  m_LocalPosition: {x: -0.011322345, y: 8.548132e-10, z: -0.0000030240142}
  m_LocalScale: {x: 0.99999994, y: 1, z: 0.99999994}
  m_Children: []
  m_Father: {fileID: 4878207707493402}
  m_RootOrder: 10
  m_LocalEulerAnglesHint: {x: -0.0000009189929, y: -12.661018, z: -0.00000022182033}
--- !u!4 &4003699736473050
Transform:
  m_ObjectHideFlags: 1
  m_PrefabParentObject: {fileID: 0}
  m_PrefabInternal: {fileID: 100100000}
  m_GameObject: {fileID: 1637452952107892}
  m_LocalRotation: {x: 0.00000016172338, y: 0.000000003206408, z: 0.099188805, w: 0.99506867}
  m_LocalPosition: {x: -0.007447776, y: -0.000009433378, z: 0.0000000017963822}
  m_LocalScale: {x: 0.9999998, y: 1, z: 1}
  m_Children: []
  m_Father: {fileID: 4046660311724084}
  m_RootOrder: 0
  m_LocalEulerAnglesHint: {x: 2.2471828, y: -3.606072, z: 48.37795}
--- !u!4 &4028428956963920
Transform:
  m_ObjectHideFlags: 1
  m_PrefabParentObject: {fileID: 0}
  m_PrefabInternal: {fileID: 100100000}
  m_GameObject: {fileID: 1269747272907588}
  m_LocalRotation: {x: 0.000000082909196, y: 0.99391437, z: 8.7232e-10, w: 0.110155776}
  m_LocalPosition: {x: -0.017635085, y: 0.0045737526, z: -0.0052227336}
  m_LocalScale: {x: 1, y: 1, z: 1.0000011}
  m_Children: []
  m_Father: {fileID: 4878207707493402}
  m_RootOrder: 13
  m_LocalEulerAnglesHint: {x: 7.1359587, y: -165.98013, z: -30.799341}
--- !u!4 &4032770816689762
Transform:
  m_ObjectHideFlags: 1
  m_PrefabParentObject: {fileID: 0}
  m_PrefabInternal: {fileID: 100100000}
  m_GameObject: {fileID: 1464296414492762}
  m_LocalRotation: {x: 1, y: -0.0000000754979, z: -0.000000046636856, w: 0.00000013315805}
  m_LocalPosition: {x: -0.021661988, y: 0.0000000011992264, z: -0.011807619}
  m_LocalScale: {x: 0.99999976, y: 1, z: 1}
  m_Children: []
  m_Father: {fileID: 4886109419292350}
  m_RootOrder: 1
  m_LocalEulerAnglesHint: {x: 0.000015258788, y: -179.99998, z: -179.99998}
--- !u!4 &4046660311724084
Transform:
  m_ObjectHideFlags: 1
  m_PrefabParentObject: {fileID: 0}
  m_PrefabInternal: {fileID: 100100000}
  m_GameObject: {fileID: 1455268843170468}
  m_LocalRotation: {x: -0.00000015130163, y: 0.000000009153357, z: 0.040653735, w: 0.99917334}
  m_LocalPosition: {x: -0.00834925, y: -0.0000071904965, z: 0.000000001446732}
  m_LocalScale: {x: 0.9999999, y: 0.9999999, z: 1}
  m_Children:
  - {fileID: 4003699736473050}
  m_Father: {fileID: 4830458648955056}
  m_RootOrder: 0
  m_LocalEulerAnglesHint: {x: 3.4914355, y: -6.17118, z: 41.898586}
--- !u!4 &4049567118280214
Transform:
  m_ObjectHideFlags: 1
  m_PrefabParentObject: {fileID: 0}
  m_PrefabInternal: {fileID: 100100000}
  m_GameObject: {fileID: 1282437429576692}
  m_LocalRotation: {x: 0.00000022473586, y: 1, z: -0.0000000754979, w: -1.6905853e-14}
  m_LocalPosition: {x: 0.008724839, y: 0.0045737503, z: -0.012903369}
  m_LocalScale: {x: 1, y: 1, z: 1}
  m_Children: []
  m_Father: {fileID: 4886109419292350}
  m_RootOrder: 23
  m_LocalEulerAnglesHint: {x: 0.000008651422, y: -180, z: 0.00002575283}
--- !u!4 &4116040990344304
Transform:
  m_ObjectHideFlags: 1
  m_PrefabParentObject: {fileID: 0}
  m_PrefabInternal: {fileID: 100100000}
  m_GameObject: {fileID: 1521796470126304}
  m_LocalRotation: {x: -5.76179e-11, y: -0.0007632194, z: 1.0107122e-15, w: 0.9999997}
  m_LocalPosition: {x: -0.011322345, y: 8.548132e-10, z: -0.000003022822}
  m_LocalScale: {x: 0.99999994, y: 1, z: 0.99999994}
  m_Children: []
  m_Father: {fileID: 4878207707493402}
  m_RootOrder: 11
  m_LocalEulerAnglesHint: {x: -0.00000091899415, y: -12.661039, z: -0.00000022182004}
--- !u!4 &4140273839567064
Transform:
  m_ObjectHideFlags: 1
  m_PrefabParentObject: {fileID: 0}
  m_PrefabInternal: {fileID: 100100000}
  m_GameObject: {fileID: 1651183265614988}
  m_LocalRotation: {x: -0.7071067, y: 0.7071068, z: 0.00000009415697, w: -0.00000009415696}
  m_LocalPosition: {x: -0.0061448556, y: 0.009560716, z: -0.006670444}
  m_LocalScale: {x: 1, y: 1, z: 1}
  m_Children: []
  m_Father: {fileID: 4886109419292350}
  m_RootOrder: 15
  m_LocalEulerAnglesHint: {x: -1.6284439e-12, y: -179.99998, z: -89.999985}
--- !u!4 &4190398652419956
Transform:
  m_ObjectHideFlags: 1
  m_PrefabParentObject: {fileID: 0}
  m_PrefabInternal: {fileID: 100100000}
  m_GameObject: {fileID: 1921147595173018}
  m_LocalRotation: {x: 0.7071068, y: 0.7071067, z: 0.000000057347737, w: 0.00000013096619}
  m_LocalPosition: {x: -0.009362771, y: -0.009560715, z: -0.006670441}
  m_LocalScale: {x: 1, y: 1, z: 1}
  m_Children: []
  m_Father: {fileID: 4886109419292350}
  m_RootOrder: 2
  m_LocalEulerAnglesHint: {x: 0.0000059651907, y: 179.99998, z: 90.00001}
--- !u!4 &4204628177551474
Transform:
  m_ObjectHideFlags: 1
  m_PrefabParentObject: {fileID: 0}
  m_PrefabInternal: {fileID: 100100000}
  m_GameObject: {fileID: 1179988527212828}
  m_LocalRotation: {x: -0.7071067, y: 0.7071068, z: -0.0000000775811, w: -0.00000011073283}
  m_LocalPosition: {x: -0.009362769, y: 0.009560716, z: -0.006670443}
  m_LocalScale: {x: 1, y: 1, z: 1}
  m_Children: []
  m_Father: {fileID: 4886109419292350}
  m_RootOrder: 3
  m_LocalEulerAnglesHint: {x: 0.000015258788, y: -179.99998, z: -89.999985}
--- !u!4 &4239202392588652
Transform:
  m_ObjectHideFlags: 1
  m_PrefabParentObject: {fileID: 0}
  m_PrefabInternal: {fileID: 100100000}
  m_GameObject: {fileID: 1397973825258470}
  m_LocalRotation: {x: 0.7071068, y: 0.7071067, z: 0.00000005595492, w: 0.000000132359}
  m_LocalPosition: {x: -0.007771156, y: -0.016687213, z: -0.004802644}
  m_LocalScale: {x: 1, y: 1, z: 1}
  m_Children: []
  m_Father: {fileID: 4886109419292350}
  m_RootOrder: 10
  m_LocalEulerAnglesHint: {x: 0.000006190907, y: 179.99998, z: 90.00001}
--- !u!4 &4271632254407366
Transform:
  m_ObjectHideFlags: 1
  m_PrefabParentObject: {fileID: 0}
  m_PrefabInternal: {fileID: 100100000}
  m_GameObject: {fileID: 1841425509551500}
  m_LocalRotation: {x: 0.0000005142792, y: 0.000000019644817, z: -0.04064596, w: 0.99917364}
  m_LocalPosition: {x: -0.008349248, y: 0.0000071920567, z: 0.0000000018333391}
  m_LocalScale: {x: 1.0000001, y: 1.0000001, z: 1}
  m_Children:
  - {fileID: 4766059055155554}
  m_Father: {fileID: 4347822036903798}
  m_RootOrder: 0
  m_LocalEulerAnglesHint: {x: -1.8645061, y: -2.9243631, z: -49.54212}
--- !u!4 &4297418730766794
Transform:
  m_ObjectHideFlags: 1
  m_PrefabParentObject: {fileID: 0}
  m_PrefabInternal: {fileID: 100100000}
  m_GameObject: {fileID: 1539826309247600}
  m_LocalRotation: {x: 0.000000067167704, y: 0.99391437, z: -8.7231405e-10, w: 0.110155776}
  m_LocalPosition: {x: -0.017635085, y: -0.0045737503, z: -0.0052227336}
  m_LocalScale: {x: 1, y: 1, z: 1.0000011}
  m_Children: []
  m_Father: {fileID: 4878207707493402}
  m_RootOrder: 12
  m_LocalEulerAnglesHint: {x: -7.409512, y: -166.57562, z: 32.75557}
--- !u!4 &4298826747563074
Transform:
  m_ObjectHideFlags: 1
  m_PrefabParentObject: {fileID: 0}
  m_PrefabInternal: {fileID: 100100000}
  m_GameObject: {fileID: 1276038703259230}
  m_LocalRotation: {x: 0.0000000754979, y: 1, z: -0.0000000754979, w: 0.00000013315805}
  m_LocalPosition: {x: 0.010288017, y: -0.0028368852, z: -0.012739064}
  m_LocalScale: {x: 1, y: 1, z: 1}
  m_Children: []
  m_Father: {fileID: 4886109419292350}
  m_RootOrder: 20
  m_LocalEulerAnglesHint: {x: 0.000008651423, y: 179.99998, z: 0.000008651421}
--- !u!4 &4327836331291050
Transform:
  m_ObjectHideFlags: 1
  m_PrefabParentObject: {fileID: 0}
  m_PrefabInternal: {fileID: 100100000}
  m_GameObject: {fileID: 1040838096741318}
  m_LocalRotation: {x: -0, y: 0.99822897, z: -0, w: -0.059490148}
  m_LocalPosition: {x: 0, y: 0, z: 0}
  m_LocalScale: {x: 8.862446, y: 8.862451, z: 8.862451}
  m_Children:
  - {fileID: 4514453572081126}
  - {fileID: 4877667294242446}
  - {fileID: 4511852346467430}
  - {fileID: 4556834559730684}
  m_Father: {fileID: 0}
  m_RootOrder: 0
  m_LocalEulerAnglesHint: {x: 0, y: 186.821, z: 0}
--- !u!4 &4340747592984764
Transform:
  m_ObjectHideFlags: 1
  m_PrefabParentObject: {fileID: 0}
  m_PrefabInternal: {fileID: 100100000}
  m_GameObject: {fileID: 1827926114845118}
  m_LocalRotation: {x: -0.5414165, y: 0.45460334, z: 0.54163784, w: -0.4547883}
  m_LocalPosition: {x: -0.014148261, y: 0.0013242897, z: 0.0036885}
  m_LocalScale: {x: 1.0000002, y: 1.0000002, z: 1}
  m_Children:
  - {fileID: 4388701172750410}
  m_Father: {fileID: 4878207707493402}
  m_RootOrder: 6
  m_LocalEulerAnglesHint: {x: -29.686117, y: -71.11603, z: -121.17221}
--- !u!4 &4347822036903798
Transform:
  m_ObjectHideFlags: 1
  m_PrefabParentObject: {fileID: 0}
  m_PrefabInternal: {fileID: 100100000}
  m_GameObject: {fileID: 1367688605591228}
  m_LocalRotation: {x: -0.54141873, y: 0.4546013, z: 0.541639, w: -0.4547864}
  m_LocalPosition: {x: -0.015774556, y: 0.0013242898, z: 0.0036891615}
  m_LocalScale: {x: 0.9999998, y: 0.99999994, z: 1}
  m_Children:
  - {fileID: 4271632254407366}
  m_Father: {fileID: 4878207707493402}
  m_RootOrder: 4
  m_LocalEulerAnglesHint: {x: -12.440012, y: -83.768105, z: -123.58861}
--- !u!4 &4362559955471962
Transform:
  m_ObjectHideFlags: 1
  m_PrefabParentObject: {fileID: 0}
  m_PrefabInternal: {fileID: 100100000}
  m_GameObject: {fileID: 1569747088640010}
  m_LocalRotation: {x: -0.7071067, y: 0.7071068, z: -0.000000059872896, w: -0.00000012844103}
  m_LocalPosition: {x: -0.0077711535, y: 0.016687213, z: -0.004802647}
  m_LocalScale: {x: 1, y: 1, z: 1}
  m_Children: []
  m_Father: {fileID: 4886109419292350}
  m_RootOrder: 11
  m_LocalEulerAnglesHint: {x: 0.000015258788, y: -179.99998, z: -89.999985}
--- !u!4 &4374038562676334
Transform:
  m_ObjectHideFlags: 1
  m_PrefabParentObject: {fileID: 0}
  m_PrefabInternal: {fileID: 100100000}
  m_GameObject: {fileID: 1263763926763784}
  m_LocalRotation: {x: -0.54141647, y: 0.45460364, z: 0.54163724, w: -0.4547888}
  m_LocalPosition: {x: -0.017366176, y: 0.0013242901, z: 0.003689808}
  m_LocalScale: {x: 1.0000002, y: 1.0000001, z: 1}
  m_Children:
  - {fileID: 4833968155363200}
  m_Father: {fileID: 4878207707493402}
  m_RootOrder: 2
  m_LocalEulerAnglesHint: {x: 8.163634, y: -93.93901, z: -138.98914}
--- !u!4 &4388701172750410
Transform:
  m_ObjectHideFlags: 1
  m_PrefabParentObject: {fileID: 0}
  m_PrefabInternal: {fileID: 100100000}
  m_GameObject: {fileID: 1139153161498878}
  m_LocalRotation: {x: 0.00000052268916, y: 0.00000007815664, z: -0.04065224, w: 0.9991734}
  m_LocalPosition: {x: -0.008349248, y: 0.0000071913464, z: 0.0000000021983957}
  m_LocalScale: {x: 0.9999999, y: 0.9999999, z: 1}
  m_Children:
  - {fileID: 4852482984067520}
  m_Father: {fileID: 4340747592984764}
  m_RootOrder: 0
  m_LocalEulerAnglesHint: {x: -0.7669739, y: -0.8789151, z: -60.639137}
--- !u!4 &4389154190535898
Transform:
  m_ObjectHideFlags: 1
  m_PrefabParentObject: {fileID: 0}
  m_PrefabInternal: {fileID: 100100000}
  m_GameObject: {fileID: 1830418477866930}
  m_LocalRotation: {x: -0.54141647, y: -0.4546034, z: 0.5416377, w: 0.45478842}
  m_LocalPosition: {x: -0.014148261, y: -0.0013242876, z: 0.0036885}
  m_LocalScale: {x: 1.0000002, y: 1.0000002, z: 1}
  m_Children:
  - {fileID: 4550655358339068}
  m_Father: {fileID: 4878207707493402}
  m_RootOrder: 5
  m_LocalEulerAnglesHint: {x: 28.798584, y: -70.70588, z: 120.5596}
--- !u!4 &4402569763093448
Transform:
  m_ObjectHideFlags: 1
  m_PrefabParentObject: {fileID: 0}
  m_PrefabInternal: {fileID: 100100000}
  m_GameObject: {fileID: 1461951199758138}
  m_LocalRotation: {x: -0.0015269755, y: 0.99361783, z: 0.0024639564, w: 0.11276193}
  m_LocalPosition: {x: -0.017774168, y: -0.0028878988, z: -0.0055519175}
  m_LocalScale: {x: 0.99999994, y: 0.99999994, z: 0.99999386}
  m_Children: []
  m_Father: {fileID: 4878207707493402}
  m_RootOrder: 7
  m_LocalEulerAnglesHint: {x: -22.102, y: -152.43729, z: 55.300663}
--- !u!4 &4410585701146820
Transform:
  m_ObjectHideFlags: 1
  m_PrefabParentObject: {fileID: 0}
  m_PrefabInternal: {fileID: 100100000}
  m_GameObject: {fileID: 1732571400323774}
  m_LocalRotation: {x: -0.5414187, y: -0.45460135, z: 0.54163885, w: 0.4547865}
  m_LocalPosition: {x: -0.015774556, y: -0.0013242875, z: 0.0036891615}
  m_LocalScale: {x: 0.9999998, y: 1, z: 1}
  m_Children:
  - {fileID: 4513138315723048}
  m_Father: {fileID: 4878207707493402}
  m_RootOrder: 3
  m_LocalEulerAnglesHint: {x: 12.475094, y: -83.53891, z: 124.07963}
--- !u!4 &4445753783853346
Transform:
  m_ObjectHideFlags: 1
  m_PrefabParentObject: {fileID: 0}
  m_PrefabInternal: {fileID: 100100000}
  m_GameObject: {fileID: 1080565092619514}
  m_LocalRotation: {x: 0.7071068, y: 0.7071067, z: 0.00000006565828, w: 0.00000012265565}
  m_LocalPosition: {x: -0.0077711563, y: -0.021969331, z: -0.0022301422}
  m_LocalScale: {x: 1, y: 1, z: 1}
  m_Children: []
  m_Father: {fileID: 4886109419292350}
  m_RootOrder: 12
  m_LocalEulerAnglesHint: {x: 0.00000461841, y: 179.99998, z: 90.00001}
--- !u!4 &4494310397498764
Transform:
  m_ObjectHideFlags: 1
  m_PrefabParentObject: {fileID: 0}
  m_PrefabInternal: {fileID: 100100000}
  m_GameObject: {fileID: 1191502497685528}
  m_LocalRotation: {x: 0.7071068, y: 0.7071067, z: 0.000000057347737, w: 0.00000013096619}
  m_LocalPosition: {x: -0.0061448566, y: -0.009560715, z: -0.006670442}
  m_LocalScale: {x: 1, y: 1, z: 1}
  m_Children: []
  m_Father: {fileID: 4886109419292350}
  m_RootOrder: 14
  m_LocalEulerAnglesHint: {x: 0.0000059651907, y: 179.99998, z: 90.00001}
--- !u!4 &4511852346467430
Transform:
  m_ObjectHideFlags: 1
  m_PrefabParentObject: {fileID: 0}
  m_PrefabInternal: {fileID: 100100000}
  m_GameObject: {fileID: 1804103865535126}
  m_LocalRotation: {x: 0.000000059604645, y: 0, z: 0, w: 1}
  m_LocalPosition: {x: 0, y: 0, z: 0}
  m_LocalScale: {x: 1, y: 1, z: 1}
  m_Children: []
  m_Father: {fileID: 4327836331291050}
  m_RootOrder: 2
  m_LocalEulerAnglesHint: {x: 0, y: 0, z: 0}
--- !u!4 &4513138315723048
Transform:
  m_ObjectHideFlags: 1
  m_PrefabParentObject: {fileID: 0}
  m_PrefabInternal: {fileID: 100100000}
  m_GameObject: {fileID: 1422777408600974}
  m_LocalRotation: {x: -0.0000003843064, y: 0.000000024933573, z: 0.040646154, w: 0.99917364}
  m_LocalPosition: {x: -0.008349248, y: -0.0000071898216, z: 0.0000000017961067}
  m_LocalScale: {x: 1, y: 1.0000001, z: 1}
  m_Children:
  - {fileID: 4849822862689806}
  m_Father: {fileID: 4410585701146820}
  m_RootOrder: 0
  m_LocalEulerAnglesHint: {x: 2.3928714, y: -3.587148, z: 51.338345}
--- !u!4 &4514453572081126
Transform:
  m_ObjectHideFlags: 1
  m_PrefabParentObject: {fileID: 0}
  m_PrefabInternal: {fileID: 100100000}
  m_GameObject: {fileID: 1079612468933650}
  m_LocalRotation: {x: 0.000000059604645, y: 0, z: 0, w: 1}
  m_LocalPosition: {x: 0, y: 0, z: 0}
  m_LocalScale: {x: 1, y: 1, z: 1}
  m_Children: []
  m_Father: {fileID: 4327836331291050}
  m_RootOrder: 0
  m_LocalEulerAnglesHint: {x: 0, y: 0, z: 0}
--- !u!4 &4550655358339068
Transform:
  m_ObjectHideFlags: 1
  m_PrefabParentObject: {fileID: 0}
  m_PrefabInternal: {fileID: 100100000}
  m_GameObject: {fileID: 1229716474165332}
  m_LocalRotation: {x: -0.0000003889564, y: 0.00000008359738, z: 0.040652417, w: 0.9991734}
  m_LocalPosition: {x: -0.008349247, y: -0.000007191048, z: 0.0000000019003557}
  m_LocalScale: {x: 0.99999976, y: 0.9999999, z: 1}
  m_Children:
  - {fileID: 4881128312262280}
  m_Father: {fileID: 4389154190535898}
  m_RootOrder: 0
  m_LocalEulerAnglesHint: {x: 1.4920002, y: -1.7952437, z: 60.660854}
--- !u!4 &4556834559730684
Transform:
  m_ObjectHideFlags: 1
  m_PrefabParentObject: {fileID: 0}
  m_PrefabInternal: {fileID: 100100000}
  m_GameObject: {fileID: 1894047452311132}
  m_LocalRotation: {x: -0.7071068, y: 0, z: -0, w: 0.7071068}
  m_LocalPosition: {x: 0, y: 0, z: 0}
  m_LocalScale: {x: 1, y: 1, z: 1}
  m_Children:
  - {fileID: 4886109419292350}
  m_Father: {fileID: 4327836331291050}
  m_RootOrder: 3
  m_LocalEulerAnglesHint: {x: -90, y: 0, z: 0}
--- !u!4 &4557556707790924
Transform:
  m_ObjectHideFlags: 1
  m_PrefabParentObject: {fileID: 0}
  m_PrefabInternal: {fileID: 100100000}
  m_GameObject: {fileID: 1393873242416454}
  m_LocalRotation: {x: 0.7071068, y: 0.7071067, z: 0.00000006565828, w: 0.00000012265565}
  m_LocalPosition: {x: -0.009362772, y: -0.021969331, z: -0.0022301422}
  m_LocalScale: {x: 1, y: 1, z: 1}
  m_Children: []
  m_Father: {fileID: 4886109419292350}
  m_RootOrder: 6
  m_LocalEulerAnglesHint: {x: 0.00000461841, y: 179.99998, z: 90.00001}
--- !u!4 &4558321822818558
Transform:
  m_ObjectHideFlags: 1
  m_PrefabParentObject: {fileID: 0}
  m_PrefabInternal: {fileID: 100100000}
  m_GameObject: {fileID: 1212346673202214}
  m_LocalRotation: {x: 0.7071068, y: 0.7071067, z: 0.000000075055944, w: 0.00000011325798}
  m_LocalPosition: {x: -0.009362771, y: -0.016687213, z: -0.004802644}
  m_LocalScale: {x: 1, y: 1, z: 1}
  m_Children: []
  m_Father: {fileID: 4886109419292350}
  m_RootOrder: 4
  m_LocalEulerAnglesHint: {x: 0.0000030954536, y: 179.99998, z: 90.00001}
--- !u!4 &4578459676651728
Transform:
  m_ObjectHideFlags: 1
  m_PrefabParentObject: {fileID: 0}
  m_PrefabInternal: {fileID: 100100000}
  m_GameObject: {fileID: 1759689901169032}
  m_LocalRotation: {x: 0.7071068, y: 0.7071067, z: 0.000000075055944, w: 0.00000011325798}
  m_LocalPosition: {x: -0.006144856, y: -0.016687213, z: -0.004802644}
  m_LocalScale: {x: 1, y: 1, z: 1}
  m_Children: []
  m_Father: {fileID: 4886109419292350}
  m_RootOrder: 16
  m_LocalEulerAnglesHint: {x: 0.0000030954536, y: 179.99998, z: 90.00001}
--- !u!4 &4609883775098634
Transform:
  m_ObjectHideFlags: 1
  m_PrefabParentObject: {fileID: 0}
  m_PrefabInternal: {fileID: 100100000}
  m_GameObject: {fileID: 1185057757109388}
  m_LocalRotation: {x: 0.7071068, y: 0.7071067, z: -0.00000009415696, w: -0.00000009415697}
  m_LocalPosition: {x: -0.007771156, y: -0.009560715, z: -0.0066704415}
  m_LocalScale: {x: 1, y: 1, z: 1}
  m_Children: []
  m_Father: {fileID: 4886109419292350}
  m_RootOrder: 8
  m_LocalEulerAnglesHint: {x: -1.6284439e-12, y: -179.99998, z: 90.00001}
--- !u!4 &4630854634349570
Transform:
  m_ObjectHideFlags: 1
  m_PrefabParentObject: {fileID: 0}
  m_PrefabInternal: {fileID: 100100000}
  m_GameObject: {fileID: 1628593024085630}
  m_LocalRotation: {x: -5.7606475e-11, y: -0.00076306815, z: 1.0281437e-15, w: 0.9999997}
  m_LocalPosition: {x: -0.011322345, y: 8.548132e-10, z: -0.0000030240142}
  m_LocalScale: {x: 0.99999994, y: 1, z: 0.99999994}
  m_Children: []
  m_Father: {fileID: 4878207707493402}
  m_RootOrder: 9
  m_LocalEulerAnglesHint: {x: -0.0000009189929, y: -12.661018, z: -0.00000022182033}
--- !u!4 &4637854670465824
Transform:
  m_ObjectHideFlags: 1
  m_PrefabParentObject: {fileID: 0}
  m_PrefabInternal: {fileID: 100100000}
  m_GameObject: {fileID: 1754763552355560}
  m_LocalRotation: {x: 0.0015271181, y: 0.99361783, z: -0.0024639573, w: 0.11276193}
  m_LocalPosition: {x: -0.017774168, y: 0.0028879019, z: -0.0055519175}
  m_LocalScale: {x: 0.99999994, y: 0.99999994, z: 0.99999386}
  m_Children: []
  m_Father: {fileID: 4878207707493402}
  m_RootOrder: 8
  m_LocalEulerAnglesHint: {x: 21.872488, y: -155.61403, z: -59.021793}
--- !u!4 &4645268059320708
Transform:
  m_ObjectHideFlags: 1
  m_PrefabParentObject: {fileID: 0}
  m_PrefabInternal: {fileID: 100100000}
  m_GameObject: {fileID: 1198852058004038}
  m_LocalRotation: {x: 0.5, y: -0.5, z: 0.5, w: -0.5}
  m_LocalPosition: {x: -0.0061448533, y: 0.021969331, z: -0.002230146}
  m_LocalScale: {x: 0.99999994, y: 1, z: 1}
  m_Children: []
  m_Father: {fileID: 4886109419292350}
  m_RootOrder: 19
  m_LocalEulerAnglesHint: {x: 0, y: 90, z: -90}
--- !u!4 &4721296444213146
Transform:
  m_ObjectHideFlags: 1
  m_PrefabParentObject: {fileID: 0}
  m_PrefabInternal: {fileID: 100100000}
  m_GameObject: {fileID: 1671038829769572}
  m_LocalRotation: {x: 0.5, y: -0.5, z: 0.5, w: -0.5}
  m_LocalPosition: {x: -0.0077711535, y: 0.021969331, z: -0.002230146}
  m_LocalScale: {x: 0.99999994, y: 1, z: 1}
  m_Children: []
  m_Father: {fileID: 4886109419292350}
  m_RootOrder: 13
  m_LocalEulerAnglesHint: {x: 0, y: 90, z: -90}
--- !u!4 &4757308609893168
Transform:
  m_ObjectHideFlags: 1
  m_PrefabParentObject: {fileID: 0}
  m_PrefabInternal: {fileID: 100100000}
  m_GameObject: {fileID: 1141725841858398}
  m_LocalRotation: {x: -0.7071067, y: 0.7071068, z: -0.00000007897391, w: -0.000000109340014}
  m_LocalPosition: {x: -0.009362769, y: 0.016687213, z: -0.0048026466}
  m_LocalScale: {x: 1, y: 1, z: 1}
  m_Children: []
  m_Father: {fileID: 4886109419292350}
  m_RootOrder: 5
  m_LocalEulerAnglesHint: {x: 0.000015258788, y: -179.99998, z: -89.999985}
--- !u!4 &4766059055155554
Transform:
  m_ObjectHideFlags: 1
  m_PrefabParentObject: {fileID: 0}
  m_PrefabInternal: {fileID: 100100000}
  m_GameObject: {fileID: 1075855909077776}
  m_LocalRotation: {x: -0.00000021650159, y: -0.000000007570143, z: -0.09919628, w: 0.9950679}
  m_LocalPosition: {x: -0.0074477796, y: 0.000009432948, z: 0.0000000018374149}
  m_LocalScale: {x: 1.0000001, y: 1.0000001, z: 1}
  m_Children: []
  m_Father: {fileID: 4271632254407366}
  m_RootOrder: 0
  m_LocalEulerAnglesHint: {x: -1.5668977, y: -1.9433043, z: -65.827515}
--- !u!4 &4783099955369448
Transform:
  m_ObjectHideFlags: 1
  m_PrefabParentObject: {fileID: 0}
  m_PrefabInternal: {fileID: 100100000}
  m_GameObject: {fileID: 1008710063364768}
  m_LocalRotation: {x: -1.10719585e-11, y: -0.00014669955, z: -1.6853377e-15, w: 1}
  m_LocalPosition: {x: -0.018771252, y: 0.0000000014171901, z: 0.00000761882}
  m_LocalScale: {x: 1, y: 1, z: 0.99999994}
  m_Children: []
  m_Father: {fileID: 4878207707493402}
  m_RootOrder: 0
  m_LocalEulerAnglesHint: {x: -0.0000012756635, y: 21.354631, z: 0.0000070092933}
--- !u!4 &4798700334387676
Transform:
  m_ObjectHideFlags: 1
  m_PrefabParentObject: {fileID: 0}
  m_PrefabInternal: {fileID: 100100000}
  m_GameObject: {fileID: 1506632441606552}
  m_LocalRotation: {x: -0.7071067, y: 0.7071068, z: -0.0000000775811, w: -0.00000011073283}
  m_LocalPosition: {x: -0.007771154, y: 0.009560716, z: -0.006670443}
  m_LocalScale: {x: 1, y: 1, z: 1}
  m_Children: []
  m_Father: {fileID: 4886109419292350}
  m_RootOrder: 9
  m_LocalEulerAnglesHint: {x: 0.000015258788, y: -179.99998, z: -89.999985}
--- !u!4 &4814779679341100
Transform:
  m_ObjectHideFlags: 1
  m_PrefabParentObject: {fileID: 0}
  m_PrefabInternal: {fileID: 100100000}
  m_GameObject: {fileID: 1606640417180260}
  m_LocalRotation: {x: 0.0000000754979, y: 1, z: -0.0000000754979, w: -5.6387004e-15}
  m_LocalPosition: {x: 0.0087248385, y: -0.0045737526, z: -0.012903367}
  m_LocalScale: {x: 1, y: 1, z: 1}
  m_Children: []
  m_Father: {fileID: 4886109419292350}
  m_RootOrder: 22
  m_LocalEulerAnglesHint: {x: 0.000008651422, y: -180, z: 0.000008651422}
--- !u!4 &4830458648955056
Transform:
  m_ObjectHideFlags: 1
  m_PrefabParentObject: {fileID: 0}
  m_PrefabInternal: {fileID: 100100000}
  m_GameObject: {fileID: 1566103982854698}
  m_LocalRotation: {x: -0.5414164, y: -0.45460376, z: 0.5416371, w: 0.454789}
  m_LocalPosition: {x: -0.017366176, y: -0.0013242874, z: 0.003689808}
  m_LocalScale: {x: 1.0000002, y: 1.0000001, z: 1}
  m_Children:
  - {fileID: 4046660311724084}
  m_Father: {fileID: 4878207707493402}
  m_RootOrder: 1
  m_LocalEulerAnglesHint: {x: -4.844652, y: -92.6439, z: 142.30766}
--- !u!4 &4833968155363200
Transform:
  m_ObjectHideFlags: 1
  m_PrefabParentObject: {fileID: 0}
  m_PrefabInternal: {fileID: 100100000}
  m_GameObject: {fileID: 1593262546848778}
  m_LocalRotation: {x: 0.0000002850335, y: 0.0000000037100318, z: -0.04065338, w: 0.99917334}
  m_LocalPosition: {x: -0.00834925, y: 0.000007191092, z: 0.0000000012977784}
  m_LocalScale: {x: 0.99999994, y: 0.9999999, z: 1}
  m_Children:
  - {fileID: 4938399688169994}
  m_Father: {fileID: 4374038562676334}
  m_RootOrder: 0
  m_LocalEulerAnglesHint: {x: -3.2342923, y: -6.1155605, z: -39.914314}
--- !u!4 &4837472040425700
Transform:
  m_ObjectHideFlags: 1
  m_PrefabParentObject: {fileID: 0}
  m_PrefabInternal: {fileID: 100100000}
  m_GameObject: {fileID: 1740093720355202}
  m_LocalRotation: {x: 0.7071068, y: 0.7071067, z: 0.00000006565828, w: 0.00000012265565}
  m_LocalPosition: {x: -0.0061448566, y: -0.021969331, z: -0.0022301422}
  m_LocalScale: {x: 1, y: 1, z: 1}
  m_Children: []
  m_Father: {fileID: 4886109419292350}
  m_RootOrder: 18
  m_LocalEulerAnglesHint: {x: 0.00000461841, y: 179.99998, z: 90.00001}
--- !u!4 &4849822862689806
Transform:
  m_ObjectHideFlags: 1
  m_PrefabParentObject: {fileID: 0}
  m_PrefabInternal: {fileID: 100100000}
  m_GameObject: {fileID: 1800961974835588}
  m_LocalRotation: {x: 0.00000016701912, y: 0.000000013304602, z: 0.09919663, w: 0.9950679}
  m_LocalPosition: {x: -0.0074477796, y: -0.000009433007, z: 0.0000000018259863}
  m_LocalScale: {x: 0.99999994, y: 0.9999999, z: 1}
  m_Children: []
  m_Father: {fileID: 4513138315723048}
  m_RootOrder: 0
  m_LocalEulerAnglesHint: {x: 1.9458518, y: -2.3316433, z: 67.16578}
--- !u!4 &4852482984067520
Transform:
  m_ObjectHideFlags: 1
  m_PrefabParentObject: {fileID: 0}
  m_PrefabInternal: {fileID: 100100000}
  m_GameObject: {fileID: 1719214569968158}
  m_LocalRotation: {x: -0.00000020306611, y: -0.0000000025140443, z: -0.0991872, w: 0.9950688}
  m_LocalPosition: {x: -0.007447776, y: 0.000009432547, z: 0.000000001869556}
  m_LocalScale: {x: 0.99999994, y: 1.0000001, z: 1}
  m_Children: []
  m_Father: {fileID: 4388701172750410}
  m_RootOrder: 0
  m_LocalEulerAnglesHint: {x: -0.66139704, y: -0.60733193, z: -82.36511}
--- !u!4 &4877667294242446
Transform:
  m_ObjectHideFlags: 1
  m_PrefabParentObject: {fileID: 0}
  m_PrefabInternal: {fileID: 100100000}
  m_GameObject: {fileID: 1013232992432034}
  m_LocalRotation: {x: 0.000000059604645, y: 0, z: 0, w: 1}
  m_LocalPosition: {x: 0, y: 0, z: 0}
  m_LocalScale: {x: 1, y: 1, z: 1}
  m_Children: []
  m_Father: {fileID: 4327836331291050}
  m_RootOrder: 1
  m_LocalEulerAnglesHint: {x: 0, y: 0, z: 0}
--- !u!4 &4878207707493402
Transform:
  m_ObjectHideFlags: 1
  m_PrefabParentObject: {fileID: 0}
  m_PrefabInternal: {fileID: 100100000}
  m_GameObject: {fileID: 1947058864390924}
  m_LocalRotation: {x: -0.0000000437267, y: -0.00020293433, z: 8.869088e-12, w: 1}
  m_LocalPosition: {x: 0.008004903, y: -0.0000000010398952, z: -0.0117999995}
  m_LocalScale: {x: 1, y: 1, z: 1}
  m_Children:
  - {fileID: 4783099955369448}
  - {fileID: 4830458648955056}
  - {fileID: 4374038562676334}
  - {fileID: 4410585701146820}
  - {fileID: 4347822036903798}
  - {fileID: 4389154190535898}
  - {fileID: 4340747592984764}
  - {fileID: 4402569763093448}
  - {fileID: 4637854670465824}
  - {fileID: 4630854634349570}
  - {fileID: 4002464052272460}
  - {fileID: 4116040990344304}
  - {fileID: 4297418730766794}
  - {fileID: 4028428956963920}
  m_Father: {fileID: 4886109419292350}
  m_RootOrder: 0
  m_LocalEulerAnglesHint: {x: -0.0000028212635, y: 12.550324, z: -0.00000058487296}
--- !u!4 &4881128312262280
Transform:
  m_ObjectHideFlags: 1
  m_PrefabParentObject: {fileID: 0}
  m_PrefabInternal: {fileID: 100100000}
  m_GameObject: {fileID: 1995700064147326}
  m_LocalRotation: {x: 0.00000016268295, y: 0.000000020009935, z: 0.09918754, w: 0.9950688}
  m_LocalPosition: {x: -0.0074477782, y: -0.000009433341, z: 0.0000000018846156}
  m_LocalScale: {x: 0.99999994, y: 0.99999994, z: 1}
  m_Children: []
  m_Father: {fileID: 4550655358339068}
  m_RootOrder: 0
  m_LocalEulerAnglesHint: {x: 1.2792736, y: -1.1345143, z: 83.44513}
--- !u!4 &4886109419292350
Transform:
  m_ObjectHideFlags: 1
  m_PrefabParentObject: {fileID: 0}
  m_PrefabInternal: {fileID: 100100000}
  m_GameObject: {fileID: 1545415738494566}
  m_LocalRotation: {x: 0.7071068, y: 0.7071067, z: -0.00000013630381, w: -0.00000005201012}
  m_LocalPosition: {x: -0, y: 0.008, z: -9.536744e-10}
  m_LocalScale: {x: 0.99999994, y: 1, z: 1}
  m_Children:
  - {fileID: 4878207707493402}
  - {fileID: 4032770816689762}
  - {fileID: 4190398652419956}
  - {fileID: 4204628177551474}
  - {fileID: 4558321822818558}
  - {fileID: 4757308609893168}
  - {fileID: 4557556707790924}
  - {fileID: 4958226475994964}
  - {fileID: 4609883775098634}
  - {fileID: 4798700334387676}
  - {fileID: 4239202392588652}
  - {fileID: 4362559955471962}
  - {fileID: 4445753783853346}
  - {fileID: 4721296444213146}
  - {fileID: 4494310397498764}
  - {fileID: 4140273839567064}
  - {fileID: 4578459676651728}
  - {fileID: 4977574162581782}
  - {fileID: 4837472040425700}
  - {fileID: 4645268059320708}
  - {fileID: 4298826747563074}
  - {fileID: 4892517468715052}
  - {fileID: 4814779679341100}
  - {fileID: 4049567118280214}
  m_Father: {fileID: 4556834559730684}
  m_RootOrder: 0
  m_LocalEulerAnglesHint: {x: 0.000006830187, y: -179.99998, z: 90.00001}
--- !u!4 &4892517468715052
Transform:
  m_ObjectHideFlags: 1
  m_PrefabParentObject: {fileID: 0}
  m_PrefabInternal: {fileID: 100100000}
  m_GameObject: {fileID: 1786001034969958}
  m_LocalRotation: {x: 0.00000022473586, y: 1, z: -0.0000000754979, w: -1.6905853e-14}
  m_LocalPosition: {x: 0.010288017, y: 0.0028368826, z: -0.012739064}
  m_LocalScale: {x: 1, y: 1, z: 1}
  m_Children: []
  m_Father: {fileID: 4886109419292350}
  m_RootOrder: 21
  m_LocalEulerAnglesHint: {x: 0.000008651422, y: -180, z: 0.00002575283}
--- !u!4 &4938399688169994
Transform:
  m_ObjectHideFlags: 1
  m_PrefabParentObject: {fileID: 0}
  m_PrefabInternal: {fileID: 100100000}
  m_GameObject: {fileID: 1868834725144732}
  m_LocalRotation: {x: -0.00000021494915, y: -0.000000018039781, z: -0.09918827, w: 0.99506867}
  m_LocalPosition: {x: -0.007447777, y: 0.000009432849, z: 0.0000000019304933}
  m_LocalScale: {x: 0.99999994, y: 0.9999999, z: 1}
  m_Children: []
  m_Father: {fileID: 4833968155363200}
  m_RootOrder: 0
  m_LocalEulerAnglesHint: {x: -2.1929138, y: -3.6258857, z: -48.510445}
--- !u!4 &4958226475994964
Transform:
  m_ObjectHideFlags: 1
  m_PrefabParentObject: {fileID: 0}
  m_PrefabInternal: {fileID: 100100000}
  m_GameObject: {fileID: 1295530589022712}
  m_LocalRotation: {x: 0.5, y: -0.5, z: 0.5, w: -0.5}
  m_LocalPosition: {x: -0.009362769, y: 0.021969331, z: -0.0022301462}
  m_LocalScale: {x: 0.99999994, y: 1, z: 1}
  m_Children: []
  m_Father: {fileID: 4886109419292350}
  m_RootOrder: 7
  m_LocalEulerAnglesHint: {x: 0, y: 90, z: -90}
--- !u!4 &4977574162581782
Transform:
  m_ObjectHideFlags: 1
  m_PrefabParentObject: {fileID: 0}
  m_PrefabInternal: {fileID: 100100000}
  m_GameObject: {fileID: 1257799863234668}
  m_LocalRotation: {x: -0.7071067, y: 0.7071068, z: -0.00000007897391, w: -0.000000109340014}
  m_LocalPosition: {x: -0.006144854, y: 0.016687213, z: -0.004802647}
  m_LocalScale: {x: 1, y: 1, z: 1}
  m_Children: []
  m_Father: {fileID: 4886109419292350}
  m_RootOrder: 17
  m_LocalEulerAnglesHint: {x: 0.000015258788, y: -179.99998, z: -89.999985}
--- !u!64 &64533831899066914
MeshCollider:
  m_ObjectHideFlags: 1
  m_PrefabParentObject: {fileID: 0}
  m_PrefabInternal: {fileID: 100100000}
  m_GameObject: {fileID: 1894047452311132}
  m_Material: {fileID: 0}
  m_IsTrigger: 0
  m_Enabled: 1
  serializedVersion: 2
  m_Convex: 0
  m_InflateMesh: 0
  m_SkinWidth: 0.01
  m_Mesh: {fileID: 4300002, guid: 0249d3096174c3041a579e44fcda5036, type: 3}
--- !u!95 &95456758442033006
Animator:
  serializedVersion: 3
  m_ObjectHideFlags: 1
  m_PrefabParentObject: {fileID: 0}
  m_PrefabInternal: {fileID: 100100000}
  m_GameObject: {fileID: 1040838096741318}
  m_Enabled: 1
  m_Avatar: {fileID: 9000000, guid: 0249d3096174c3041a579e44fcda5036, type: 3}
  m_Controller: {fileID: 9100000, guid: 1213a9d125440e343b0974d81e3c6feb, type: 2}
  m_CullingMode: 1
  m_UpdateMode: 0
  m_ApplyRootMotion: 0
  m_LinearVelocityBlending: 0
  m_WarningMessage: 
  m_HasTransformHierarchy: 1
  m_AllowConstantClipSamplingOptimization: 1
--- !u!137 &137188417983999614
SkinnedMeshRenderer:
  m_ObjectHideFlags: 1
  m_PrefabParentObject: {fileID: 0}
  m_PrefabInternal: {fileID: 100100000}
  m_GameObject: {fileID: 1013232992432034}
  m_Enabled: 1
  m_CastShadows: 1
  m_ReceiveShadows: 1
  m_DynamicOccludee: 1
  m_MotionVectors: 1
  m_LightProbeUsage: 1
  m_ReflectionProbeUsage: 1
  m_Materials:
  - {fileID: 2100000, guid: 7d47b8e6d6ed88645ad4a4bc237887f4, type: 2}
  m_StaticBatchInfo:
    firstSubMesh: 0
    subMeshCount: 0
  m_StaticBatchRoot: {fileID: 0}
  m_ProbeAnchor: {fileID: 0}
  m_LightProbeVolumeOverride: {fileID: 0}
  m_ScaleInLightmap: 1
  m_PreserveUVs: 0
  m_IgnoreNormalsForChartDetection: 0
  m_ImportantGI: 0
  m_StitchLightmapSeams: 0
  m_SelectedEditorRenderState: 3
  m_MinimumChartSize: 4
  m_AutoUVMaxDistance: 0.5
  m_AutoUVMaxAngle: 89
  m_LightmapParameters: {fileID: 0}
  m_SortingLayerID: 0
  m_SortingLayer: 0
  m_SortingOrder: 0
  serializedVersion: 2
  m_Quality: 0
  m_UpdateWhenOffscreen: 0
  m_SkinnedMotionVectors: 1
  m_Mesh: {fileID: 4300000, guid: 0249d3096174c3041a579e44fcda5036, type: 3}
  m_Bones:
  - {fileID: 4886109419292350}
  - {fileID: 4878207707493402}
  - {fileID: 4830458648955056}
  - {fileID: 4046660311724084}
  - {fileID: 4003699736473050}
  - {fileID: 4410585701146820}
  - {fileID: 4513138315723048}
  - {fileID: 4849822862689806}
  - {fileID: 4389154190535898}
  - {fileID: 4550655358339068}
  - {fileID: 4881128312262280}
  - {fileID: 4630854634349570}
  - {fileID: 4002464052272460}
  - {fileID: 4116040990344304}
  - {fileID: 4297418730766794}
  - {fileID: 4402569763093448}
  - {fileID: 4783099955369448}
  - {fileID: 4374038562676334}
  - {fileID: 4833968155363200}
  - {fileID: 4938399688169994}
  - {fileID: 4347822036903798}
  - {fileID: 4271632254407366}
  - {fileID: 4766059055155554}
  - {fileID: 4340747592984764}
  - {fileID: 4388701172750410}
  - {fileID: 4852482984067520}
  - {fileID: 4028428956963920}
  - {fileID: 4637854670465824}
  - {fileID: 4557556707790924}
  - {fileID: 4445753783853346}
  - {fileID: 4837472040425700}
  - {fileID: 4958226475994964}
  - {fileID: 4721296444213146}
  - {fileID: 4645268059320708}
  - {fileID: 4558321822818558}
  - {fileID: 4757308609893168}
  - {fileID: 4239202392588652}
  - {fileID: 4362559955471962}
  - {fileID: 4578459676651728}
  - {fileID: 4977574162581782}
  - {fileID: 4190398652419956}
  - {fileID: 4204628177551474}
  - {fileID: 4609883775098634}
  - {fileID: 4798700334387676}
  - {fileID: 4494310397498764}
  - {fileID: 4140273839567064}
  - {fileID: 4814779679341100}
  - {fileID: 4049567118280214}
  - {fileID: 4298826747563074}
  - {fileID: 4892517468715052}
  - {fileID: 4032770816689762}
  m_BlendShapeWeights: []
  m_RootBone: {fileID: 4886109419292350}
  m_AABB:
    m_Center: {x: -0.008273924, y: 0.0000000018626451, z: -0.011548318}
    m_Extent: {x: 0.021413734, y: 0.022736428, z: 0.010225931}
  m_DirtyAABB: 0
--- !u!137 &137291132948822192
SkinnedMeshRenderer:
  m_ObjectHideFlags: 1
  m_PrefabParentObject: {fileID: 0}
  m_PrefabInternal: {fileID: 100100000}
  m_GameObject: {fileID: 1079612468933650}
  m_Enabled: 1
  m_CastShadows: 1
  m_ReceiveShadows: 1
  m_DynamicOccludee: 1
  m_MotionVectors: 1
  m_LightProbeUsage: 1
  m_ReflectionProbeUsage: 1
  m_Materials:
  - {fileID: 2100000, guid: a7f715967f177cc45a6b155f5c888c78, type: 2}
  m_StaticBatchInfo:
    firstSubMesh: 0
    subMeshCount: 0
  m_StaticBatchRoot: {fileID: 0}
  m_ProbeAnchor: {fileID: 0}
  m_LightProbeVolumeOverride: {fileID: 0}
  m_ScaleInLightmap: 1
  m_PreserveUVs: 0
  m_IgnoreNormalsForChartDetection: 0
  m_ImportantGI: 0
  m_StitchLightmapSeams: 0
  m_SelectedEditorRenderState: 3
  m_MinimumChartSize: 4
  m_AutoUVMaxDistance: 0.5
  m_AutoUVMaxAngle: 89
  m_LightmapParameters: {fileID: 0}
  m_SortingLayerID: 0
  m_SortingLayer: 0
  m_SortingOrder: 0
  serializedVersion: 2
  m_Quality: 0
  m_UpdateWhenOffscreen: 0
  m_SkinnedMotionVectors: 1
  m_Mesh: {fileID: 4300004, guid: 0249d3096174c3041a579e44fcda5036, type: 3}
  m_Bones:
  - {fileID: 4886109419292350}
  - {fileID: 4878207707493402}
  - {fileID: 4830458648955056}
  - {fileID: 4046660311724084}
  - {fileID: 4003699736473050}
  - {fileID: 4410585701146820}
  - {fileID: 4513138315723048}
  - {fileID: 4849822862689806}
  - {fileID: 4389154190535898}
  - {fileID: 4550655358339068}
  - {fileID: 4881128312262280}
  - {fileID: 4630854634349570}
  - {fileID: 4002464052272460}
  - {fileID: 4116040990344304}
  - {fileID: 4297418730766794}
  - {fileID: 4402569763093448}
  - {fileID: 4783099955369448}
  - {fileID: 4374038562676334}
  - {fileID: 4833968155363200}
  - {fileID: 4938399688169994}
  - {fileID: 4347822036903798}
  - {fileID: 4271632254407366}
  - {fileID: 4766059055155554}
  - {fileID: 4340747592984764}
  - {fileID: 4388701172750410}
  - {fileID: 4852482984067520}
  - {fileID: 4028428956963920}
  - {fileID: 4637854670465824}
  - {fileID: 4557556707790924}
  - {fileID: 4445753783853346}
  - {fileID: 4837472040425700}
  - {fileID: 4958226475994964}
  - {fileID: 4721296444213146}
  - {fileID: 4645268059320708}
  - {fileID: 4558321822818558}
  - {fileID: 4757308609893168}
  - {fileID: 4239202392588652}
  - {fileID: 4362559955471962}
  - {fileID: 4578459676651728}
  - {fileID: 4977574162581782}
  - {fileID: 4190398652419956}
  - {fileID: 4204628177551474}
  - {fileID: 4609883775098634}
  - {fileID: 4798700334387676}
  - {fileID: 4494310397498764}
  - {fileID: 4140273839567064}
  - {fileID: 4814779679341100}
  - {fileID: 4049567118280214}
  - {fileID: 4298826747563074}
  - {fileID: 4892517468715052}
  - {fileID: 4032770816689762}
  m_BlendShapeWeights: []
  m_RootBone: {fileID: 4886109419292350}
  m_AABB:
    m_Center: {x: -0.008273924, y: 0.0000000027939677, z: -0.011475826}
    m_Extent: {x: 0.021413734, y: 0.02273643, z: 0.0102984235}
  m_DirtyAABB: 0
--- !u!137 &137445595389624224
SkinnedMeshRenderer:
  m_ObjectHideFlags: 1
  m_PrefabParentObject: {fileID: 0}
  m_PrefabInternal: {fileID: 100100000}
  m_GameObject: {fileID: 1804103865535126}
  m_Enabled: 1
  m_CastShadows: 1
  m_ReceiveShadows: 1
  m_DynamicOccludee: 1
  m_MotionVectors: 1
  m_LightProbeUsage: 1
  m_ReflectionProbeUsage: 1
  m_Materials:
  - {fileID: 2100000, guid: 7d47b8e6d6ed88645ad4a4bc237887f4, type: 2}
  m_StaticBatchInfo:
    firstSubMesh: 0
    subMeshCount: 0
  m_StaticBatchRoot: {fileID: 0}
  m_ProbeAnchor: {fileID: 0}
  m_LightProbeVolumeOverride: {fileID: 0}
  m_ScaleInLightmap: 1
  m_PreserveUVs: 0
  m_IgnoreNormalsForChartDetection: 0
  m_ImportantGI: 0
  m_StitchLightmapSeams: 0
  m_SelectedEditorRenderState: 3
  m_MinimumChartSize: 4
  m_AutoUVMaxDistance: 0.5
  m_AutoUVMaxAngle: 89
  m_LightmapParameters: {fileID: 0}
  m_SortingLayerID: 0
  m_SortingLayer: 0
  m_SortingOrder: 0
  serializedVersion: 2
  m_Quality: 0
  m_UpdateWhenOffscreen: 0
  m_SkinnedMotionVectors: 1
  m_Mesh: {fileID: 4300002, guid: 0249d3096174c3041a579e44fcda5036, type: 3}
  m_Bones:
  - {fileID: 4886109419292350}
  - {fileID: 4878207707493402}
  - {fileID: 4830458648955056}
  - {fileID: 4046660311724084}
  - {fileID: 4003699736473050}
  - {fileID: 4410585701146820}
  - {fileID: 4513138315723048}
  - {fileID: 4849822862689806}
  - {fileID: 4389154190535898}
  - {fileID: 4550655358339068}
  - {fileID: 4881128312262280}
  - {fileID: 4630854634349570}
  - {fileID: 4002464052272460}
  - {fileID: 4116040990344304}
  - {fileID: 4297418730766794}
  - {fileID: 4402569763093448}
  - {fileID: 4783099955369448}
  - {fileID: 4374038562676334}
  - {fileID: 4833968155363200}
  - {fileID: 4938399688169994}
  - {fileID: 4347822036903798}
  - {fileID: 4271632254407366}
  - {fileID: 4766059055155554}
  - {fileID: 4340747592984764}
  - {fileID: 4388701172750410}
  - {fileID: 4852482984067520}
  - {fileID: 4028428956963920}
  - {fileID: 4637854670465824}
  - {fileID: 4557556707790924}
  - {fileID: 4445753783853346}
  - {fileID: 4837472040425700}
  - {fileID: 4958226475994964}
  - {fileID: 4721296444213146}
  - {fileID: 4645268059320708}
  - {fileID: 4558321822818558}
  - {fileID: 4757308609893168}
  - {fileID: 4239202392588652}
  - {fileID: 4362559955471962}
  - {fileID: 4578459676651728}
  - {fileID: 4977574162581782}
  - {fileID: 4190398652419956}
  - {fileID: 4204628177551474}
  - {fileID: 4609883775098634}
  - {fileID: 4798700334387676}
  - {fileID: 4494310397498764}
  - {fileID: 4140273839567064}
  - {fileID: 4814779679341100}
  - {fileID: 4049567118280214}
  - {fileID: 4298826747563074}
  - {fileID: 4892517468715052}
  - {fileID: 4032770816689762}
  m_BlendShapeWeights: []
  m_RootBone: {fileID: 4886109419292350}
  m_AABB:
    m_Center: {x: -0.008306036, y: 0.0000000037252903, z: -0.01142644}
    m_Extent: {x: 0.021381622, y: 0.022736428, z: 0.010041903}
  m_DirtyAABB: 0
--- !u!205 &205700164563604554
LODGroup:
  m_ObjectHideFlags: 1
  m_PrefabParentObject: {fileID: 0}
  m_PrefabInternal: {fileID: 100100000}
  m_GameObject: {fileID: 1040838096741318}
  serializedVersion: 2
  m_LocalReferencePoint: {x: 0.0000000055879354, y: 0.011475825, z: 0.0002739206}
  m_Size: 0.04547287
  m_FadeMode: 0
  m_AnimateCrossFading: 1
  m_LODs:
  - screenRelativeHeight: 0.1677221
    fadeTransitionWidth: 0
    renderers:
    - renderer: {fileID: 137291132948822192}
  - screenRelativeHeight: 0.0700242
    fadeTransitionWidth: 0
    renderers:
    - renderer: {fileID: 137188417983999614}
  - screenRelativeHeight: 0.01
    fadeTransitionWidth: 0
    renderers:
    - renderer: {fileID: 137445595389624224}
  m_Enabled: 1
